011994579BCD30EB0464BED3F08DB603AF4:1
01286359A7CCC93C6C077C56C27FDB9C52C:15
015887312C417B2634B1ECE160219E8C1CE:2
023F76FCF67DAEA64EBFA0CD2EED93AEB32:3
02ACF8FD346148FD9CF014D74F487076601:1
02B7A965C7038B3E62FCE8B4B2538185167:2
03BEA9AA9E5181E0065C2B3013AC7B4E291:1
03DD013971BB025A7C80E3D5A744CFE1B75:2
06954E69984F2A3DAEAF71142A9D39CA48A:2
0704F3C32056B11BB21525576BB8EED6893:1
07076848692C12ED5EA5132B1E173D96094:8
08A0E054C668CC8542BF9F9D40D828C7EB3:20
0962B8AC0E50AAB6D731DB7DC316B302812:1
096A2F711E41109D062281AFCE7D3CFD4AC:4
09B32D6F85569F7017DA616E3D012FF5355:1
0A60360587BFBA7DFBECDFC43A3C8A1D295:1
0ADA13EF85CC478D126F8E6E0898C71DB82:1
0BA0203374AA2F8E37BF56E0BA35E5894C3:2
0BB00E723459590285FFFD1E1755BA1FF74:1
0C5AB0B2AF4E8BDF8F0E835B801FD728DD4:2
0C9ABFCB0DBAAE62C73CD17592F54D294C5:1
0C9F36D7A78F07EFE4DE7E267D346AD6DFC:5
0CD3259595196E350BE02E0989676983EF8:1
0D712DD5C35DEAE82715AF5A9F29BDF54CA:2
0DAB2F1EEF4C32729D61D94DE95DBCCBCDF:7
0DB72BC39169B93627422426FB13009DD0C:1
0DEC6CABC43D0A6A1AD81B85B3A91A364C8:2
0DFEBF7E6336465448A637E6AD1206DED0A:2
0EB8BF9D7ED7ABC22A880BA9EC88BF89CC5:3
0F39DD56B992003BA466F54F03AE49BDE66:2
0F5F3AD08597624800C8BAB2D0533790990:1
0F85A01D623342076EC14F3F68EE9B0043C:1
0FAD5CE6CE9CD9C94A9BA49A89377590718:1
0FE2A258A284223436F471CBE2047C7804A:1
110974D26C6EB9C53763C8A24E3C482B18C:8
11804D9DA6E2361B9A91567C0F0E209B69B:1
11951567C09483964FA9BFEA7A76982C060:1
11ADF699767EAE5D8B1F288C3752B8F2FC1:1
12470F9A2843A56C13DCE5F81F9F2DC5B0A:2
124B48914F6B489BE7193DA73426B1C5BDD:3
12BC0A8ABDB12A8C8E14A100D2F2AEC00A7:3
145588E918C8984D5654E92324055FB7FD3:1
14DBAA055AE74C9623590F7B7AFCCB4239B:4
1519CA9EB16ACA2A3EA9F051DF5A9554114:1
15328E54A8F69938A7636A2A7AF2161FE86:1
1555CFCFBBB4F8EAD1F28F6F0924BE52436:3
156DF9C53043B924CF75BE8E7B2708FE9E3:2
1571CC2F12E8F151A1FB2C63B02DAAAEDAD:2
163351CDE64D127911E2101FE0505535DB9:1
16A053F1C6B057B213B07F407EB7FF9DB8F:2
16B844B4EE559DB47A5598124C6B909364C:1
16CE4AFE7EB884D4A2CD2ACD8A47F50ACE4:2
16EC7BEADBB1629F50B133C0AFE729BDA68:1
1768948813FCC6E49FACE44123815AAE415:2
1771E33583EB0BDABABC21AF4AEC2632102:2
17C00A99E88D4247FC9D420E9FD85EE6485:8
1874BA2BCE219487AD596C2D705332D1719:2
18C4617F005F310194BF74AC14C78A25AD0:1
191F3176F887C720ECB037C9933E2380DAC:1
1979BC2A12700C9DBACEDF0209D698975CF:2
19B60ED131053C505490E7D391795D0678C:15
19E2B0347EE9BB51A9C6085C5878423C871:1
1A020966EAE78163798E63EDE079E2F35F0:2
1A0A5E3C2E4F72F0E57B701FB6CE6770734:2
1B06ECC4E45F17EE7BBB0296A79A0DDABB1:17
1C01B15ED3F09AAB946F422A8FDF8C66CA1:1
1C812A481665CEB5B4E5996F4E0BB220C7D:2
1D54CAB8F8C903B86A9D6CED56B56FB6D6A:2
1DA4D93804EBDF3460A1C5155140F9797F9:2
1DB4E2179D34D0A16CD9B9344C50ED9ED9A:1
1DC0E14F491FD853D58789F61C4D2EF0F4E:1
1DF6E245384404811B356C686A23CE2F6FA:3
1E0E98A45071BAC9608D8E8418B1CCE9720:2
1E71EB77A6EEA8457B8E83011DDA7125C19:5
1EA6DDC0D10787A3EE0C8799894A572CD0B:4
1EA7829575C9DD57DD7FF5EF81D1F5339A7:1
1F314AC69C483B128650CDDC0DE7A9004D7:2
204C5DC8DA972BAC7394037F4C8399A4176:7
206372EEE1E3EC6AD4BAAE8C1403F83BCEB:1
207F5FF19552246FE165A6EBC5A621012D7:1
2210E26A53096EBBE34C84135935EA8A0A1:10
22EF68C7B02289958D081A9DC9B52AB3299:2
23985E68BC173555EFD1CAEA0E6596FF1EC:1
23EBABC1A32A216753023D5AD0F953FB4C1:4
2473623F80B0E6247D2BDA698C54AC23695:1
24DF251D024EF721F1952428857AC6D7E88:1
24FB1B843C73B30BE8F1EDCE44424FDFDC2:2
25279E8AB19F42EA2741D58A39F962F4E92:1
2530E65E55BE78DCE6AE07BC8B432739C0F:1
2580E1EEBB2C7F853822552D783E8919531:1
2664DE434356469B8F8FA72CD58461B8874:1
26CD89589145A34378C4906850B1B5405D6:1
271C760857722231471FD21575DF83127C1:3
2740E3DAE41340332EBFD0C3747835A3EA0:9
2743A2B0F031DDE243DEE33A063B4C2AC8F:2
27708BD735EB1154CE8E8A572BC5555083B:2
27836E4C85463188346D6AC255F58A4387C:1
27957F1B687975AFC7FA826F4E43D6A60A4:14
282F61BF25280052A3843167C820B85B7BC:1
285B498566106F27998072F2593DA64C411:3
28C30300BD312E689C49445B46F8A125616:2
28E47BE4EA2D1D6B387A0FF3DA5314E5FBF:2
296ADAC8C686F48B36D0CC41C6BEEC97D89:2
2A0A2EB9E9324B9BCD763C0553EF8275C5D:4
2A6433E1F46D0CE59DEBF842CB88B34847B:1
2AC3A9C40E70D77A77D6E503BC2A35BCAB1:1
2AEDCE8E50BD337E9FE37D5E1DD70F8461A:2
2B027D051FDB37759B0A9BB59F205F754E3:1
2BDE67C3D0B55FC46499CF87492B0E640AF:1
2CBF02D5C987E56D4A2E62E01943D4FA215:1
2D4686C984127349A50C635B38A7536BAFA:2
2DE45D921EA81C8AED5ACB6AEFE2F6F8C0D:1
2E477BC034890D3C0C794FE54DD8C3C7F44:1
2E8257A2453EFA7CAD23B4A69512FC21287:1
2EB24A0D1DAA8596FB6C0FB75201E710146:2
2F0CF04165EC94A329BD75F528352DA47A7:3
2F1716E4723ABC67CA989BA8DFA3EFC750C:1
2FDCB3173AE1244F413521A32A9A013E6ED:7
301A25A37C3A420B42AE550A435DD989B6C:2
30E139B39AD2D3B2ACDE67D3DCC5A694C5A:3
311774ACC0B4CDD3292D6C91BD9ACC11524:2
316FB65AD0FE2DD411B2389D979B0B278AA:2
3329D0187FE27BAA853DC2A531AC6455DBA:6
3373EBB5347A3C65DC8C7BCF22F0E4D2326:2
339B0C00FBAC169BA7D0769664220B0F6D3:1
33B3BA6AC356C9D0E6A951FE47425AB95DC:1
33F47E6D5F0BFEA2F4AF4591654404E8478:7
34527CB029F06E68943F966B76C4035FE7B:1
348AC46771488D3BF1828C890E590C3B77E:2
34FD247AB2C91DC332929B3D8D66BA0D67D:1
351F1FBF1FBEF5E343E169E0C82A26A21A3:2
3617DCB365065B272AD9BBF3D6C31BEE7A6:1
362C3799708210A47E74367026B1E2F357E:2
36684D0C36301C0EC8EDC28039E8CD9DE82:1
37206BE5EF9F0E4EBCFF7DC9D70C0A3D7DC:2
38F9786EAB93780EFE189F8871E84E54B4F:1
39510A40778E66534BC1CC6A329A3040B22:1
396EE43D7DDD3146982C914DB2BB3E43044:1
39785B64F64FAC6109A8015C84AE6DAB1B2:4
39FC6E4A65BDD890EC3868AA8517130B8F2:6
3A4CCFF2B79C4C47E9269B4D18156700E03:4
3AEC5E613E57B4F048EEDF393DAB6AFC013:3
3B220BA25C36E2B5E01F9BC73D2D476F92B:3
3BD5431959A18F40050CC2839D1184AEF70:1
3C1C68ED29317E9962A9B524E8C67164D2B:1
3D14BD27DB9A1A96057A463D53786A6DA8A:3
3DA4A1ABB44FF5FA0E93CDDD9AA964CA7F3:1
3DC5B1FE06BA35222742771AC8BFE50D805:4
3DFBBF2710E7FBAD51C082175F5027DCD9B:3
3EC895FB4870A4B3E276C6B8F527A043AAD:2
407866278EAB8CB2EA72A4F53FCE3F83A23:1
413591B16F28BE9F55C027354777AF2F3CF:2
418EDA5551E591AFDF407244F4E5D155A66:42
41AAD8BF03CCE97D2B85AA255B8E2366EF9:2
41DB1A48FC56B78CEFF680FBDC4712E0300:1
422579D77031B8E4B6C8C83602C36DA58AD:4
42422BCCE098ED989E8FB8DD8A21B1AE99C:2
42513DF4DCAA64F0FCDB94E1E4D3068B170:1
44052436FF57FA10433C7751C95EED800E0:2
445075B52833909FD4BC70AF519518B939B:2
44E7951AF4CA7A469AABA464B110E7716AC:6
4575A460C047EAF9DD83DAAED2462AF6BBD:87
4580F612A535A9B46F704399EAF7C955C65:9
45B6B4D887982BEB591C79F06F3E4B6CE85:9
46252E06051140221623F0362B1FEEFE465:1
462D5CB6E0F6097593F104973047AE668ED:1
4645FF19C0EDFFBB901C185C78579839C5C:1
46F61948FF7D50134990420F063F90D710D:2
47DAFEAC89B9AD96C611D32D1F863A2E437:2
47E03C6B653556EF57F97964E03CC66C9D1:160
47F348555B4CE255A35B07ECBE1B6CB9B23:4
48885E322BFA1558CB8E8FFC948148455FA:31
48897829C8795CE6400C20E9565532DE0FA:2
4978EF68772C9940F92AB4BD9570FA623E5:1
49BD02DC45FC5F12CB8B65EF1A510725BE4:2
49F1FB222DDA6F9892461D3A41DDCBDF22F:2
4A5E15CDC437E2E473BE9634B018AED0577:1
4A8DEFADE433AA5AD786E542B348774B22C:1
4ADF296C72D05560E45C977E04F3A1F2941:1
4AEF938E9757812103303F249A9C2CB260B:2
4AF0A67347BC898617F6BF5FCB231F0F471:2
4B145F4D7D49458B6726D81DF6F5861B7A5:1
4C5970073865B4069B073A45DC960B0C896:2
4CA4227241D33C3B0A912045DF6820E9C4A:1
4CDB481D7A0F96D269EA7CD37A98B9B8B73:2
4CF572430A594112AA9FA4E62370415EA3B:2
4D2FA81BA6923497F3D8415A49DA131C8D9:3
4DD210221B4232DFD144D8E4F917A8E834C:2
4DF23A824B97AB1C63AD80608B43FB636CE:1
4E449B9F18DB92F17A01A521A9DEA7C2DBA:1
4EFB55C95FF387314A1A2CB99BA7F74EEF4:1
4F6AEA9FD1E4278DCDE933A289AA91134DB:3
4FA28CEF78EF6395A5D3A8D2137DC1BEC85:2
50277D92F543752A801D0BF5C47AB4A3446:2
50894C3D3795571CDE43A9190DFCDD968D2:3
509706BE92C2B615C231830417CC748BE8F:2
510A604A2688F458B59B4C9A45331227455:2
511070BE9FBCC94B6E52EB44A8AA6801A5B:1
51524BF5675B66BB49FC4E6B63D38D24B5C:3
51E15F74178550E904DFA8F1C8AE6D96A53:1
53D30812C661DC075A605200CA48268F899:1
53DD04AFED9158759847ACD0B5D00FE739B:2
53EE5438E2F3C205B3DE487B1BED561F045:2
5456D20E058BAF0A0AE8302C09D1C83E5F7:1
54A8F7F72ED2571C9571437390711F2E0A2:1
555E08CC2BA44AC4F3B59A94819E3EEE295:1
563180BBACC33F732179A33C86CF1B5A85E:1
563FA502204771B8027A2136CB62ADE34F2:1
579D03D9902C84FB7E6CB6682002B5EEC0D:2
57A6D2D466D5E677AD15CE4D8AB9623CD98:2
58E8A4114D02ED9FDAAF4E9F4546E5A6268:1
58F931BD01705432BC626BF83E333D2B216:3
596BB66BE0BFC6AC5D4DF0B200948BEC0A9:2
597A84AC5F58E277DB8540BCD5BE3445F8F:2
5986E1A830F74A9DF436C1C6C55851D2AB4:2
5990EF7EB586E46E8D89C6EE0EF31054FE3:1
5A0ED0DEC3CD1C0FF849714F703E03B0924:4
5A0F6D4724736C7DABB8023E8B500435977:2
5A8E766BE88E51E6B2E3FC9A8FFED789ECF:2
5AE6166CFBF4FDBC481BEC405B667D83FC4:1
5B9AD970AAF5439F33DFE154AE0EB044E46:3
5BB1A888F8B19217581B72F136E76A353D3:3
5BC9BCDA653E89987B77DC75638D5864DC5:1
5C7001935F55F325086D4B30CE018BD4FB2:3
5D1C5963DFD8F2DD5D7F3D3DD8A710D241B:1
5D8764E5E383E82746E41E0BB3FEF5D3C06:2
5DC45106FD50750D81EBE64348C644BE15B:2
5E3826615ACE9FF7415F8BB46E3F8455278:1
5E5EB296D3F02108978F8BF75FD1C5C0274:1
5E67A3A7248C4C02F1E3D1CB277BF8998EB:1
5F6F03F53EBEEEE24E4BBA65E600FDAFE7A:2
5F803B441EF357D25451F71AE22BA1F995B:1
5FAA29AE202AD7B0213DBF3060EC4DAB0C2:1
5FAA3F1EABB72095CF2B609524A58240996:5
5FF65DD8B41911C06932A79E37BD84E49CD:2
6068A171583D9FC95798B38C5DD0764619F:5
606947DA33DC47CF2F57F9F7FE865B04BE8:2
61E574CE14C527177A180DC6FEC880FE046:2
620A29C563EED774C087167225544253D32:1
625C2F290B9DC1D1E8080248C81B9E428B4:2
62A7F75A54CAF9512886474DDA4A75F9F92:1
63D96A238AB47E2568CE31C1B6BC00EBA0B:5
650BBB76E915A64F9E4FE256E27EF39B198:2
65363B893C3CA4A00BA25F5C81A4A19C9F8:4
6552453E802890F8905F35C3CC014408490:1
662079F7B547D8868640928076101A0542B:2
66260447F9D8F8199E6B029367FC8945480:2
6654601016B878F68F30F026BA7248984F0:1
666663DA678D400825B0AA57D4A30AAACB3:1
6720ACB0FF8C3BA8C26D35A091224F0A9C8:5
6723AD1ABA9F3F2ABDACAEC9551D4B0F205:8
67297B1227CC7582FF258D61F8872B8016E:4
67373CFE03849E3A56DC2B0259211C33F36:9
68322691A6863857A56F3B1EB8902448A28:4
6930E32DE4D568F6DFC114FC00847598ED9:2
6A1A4F24610B7C56C49D3F0C924B85344C7:1
6A5002E3B50449C54C5713480E2F903654A:1
6A99D1945F12150FF0EE9B5B5C8FBEA0BE4:1
6ABA550A452A2DB87C31DF2A300792FE05D:2
6BB3E0117F4FE61D56B41CF30EB8DF4B19B:1
6C2FC97B5B40FC18DF3FEF7229030B3F867:2
6CF146A506B45B1C0CE197B8AE9C86742BC:1
6E5BBF78ED75E2CA1020E83ED1D30D4883E:2
6EA9C21F3E23BCD259EEEE9E848A4908672:1
6ED1C6F8233BEC66CCB9420D9CE04AFBC95:3
6F3DB762B3DC5BFB37A5A0EEE78C5CFBF6F:8
6F470555E94B46EFD0D33E854D15F2DD0AC:2
70C881050D3207E8FD69179CFA04C67F85B:3
70EA444FE8D32E2E0800F4E18FE0314D79B:3
71295D9FE4503C0954ECC96EE30C5668116:1
73F5E28B125F6571B3424C25B5F9AA25747:1
743C0274D832108AB6E745F2ECBFABDF21C:2
7466103860150FC27537B3D0BA5B4000E09:13
748C49AFA9996CD8639124CA0998448B420:1
74BAF553F04ACBFEED98957B3FACD153F9C:2
75314DF391FA07748137CB20B1573D8246F:1
757399B249740CF99819070C955175C3C4C:5
763EE50AAA2F460A72ECDF852457934522D:3
7683F0043DA4B305C122C0D76A5F95C91C7:1
7754CF3178C81676A97157A9202C6AF08D7:2
777C7423BE53F04ECA3736EB43E379B2C32:5
78221FB9CB16D35BF56F20DA0A7FE014F72:5
7824344C7F8C6C48A00BAE31117780ED481:2
782EE1A21F0C43DD7978DAA2F242269DBE5:16
786D572F82E187DB5FDA85B7FA261397D1B:4
792175B22F8A9BB89705A2B61E53C11A863:1
7944E97938128DA3128D56AFC34918ED35F:5
79E143FD893D2B4EFEC88C906F98D974AD5:2
7A785F59AD603C1A26AB887D7045F821A83:3
7A9A53D2773F80FB00A310AABAC5F4B4817:1
7AC01920C26741E478CF4804452A66C1E74:2
7B0123CF672B98B16A0877FB9E998990F92:1
7B23377D3FDB11005DE77841D954F59ADE3:1
7B276E8EDD2C0494F38A86E64EE3E6EB593:7
7B3EDC5D21D14DC995FF6DEA946510A05CA:3
7B726FB425B6125AEE5ECCBF4E2732308F9:1
7B86377978E06AC2B39CF51F0450E6AE0C6:3
7BA5EEBF357BE459BC259EC4C93DB5F8A26:1
7BC2B69544C2DB4652214B0805344DBA9C6:6
7C57CB08408E0B95140FA047EAA4C8435B8:6
7C799F0FC0347540DF95FFE47EBFBD6FF4B:2
7D784D477D1DD02BAEB3E9E9604411AE4EE:2
7DAFA29F94612999C1E2A7AD86EE2A43E48:4
7E3D2640A108090675D04FAC51657C69FB1:1
7E3FFCACC193D43800D0ADAAAD9D61D40DD:1
7E8168CE7F80EE827FC5EF1CF0BA2C8B6CA:6
7EE18AE647975EE115FADA990CCA66EF641:2
7EFE107E43A01FB5D0D889B585F4D48F316:1
7F4F50A39BD6949375307F62162BA4BAC21:18
7FB6A9D0C2DC317B9837D90661778A4D8AF:8
80F98A51578AE2570D3E3C9C1BF6C058AFE:3
816BA900AC2C05BDE9BBA18A7D31FFEE0C2:2
81C9A280CC5A5F500B026F5A6359DB347A4:4
82957B7B692794846BC38BD763066363025:1
8346B09F70FED7759DB9022C63D6BACC30D:3
83AD2C8D95A165285C5852C73B37FDE7217:1
843366F4E6AE18D5B49B81CF8A41CAAAC79:20
845E7501ADF000166E51948C491F840F218:1
84BAE9D3D9CE9EE1771550C427848FBE287:2
8523E3F4EC6EC3C8E28C76A939EC9FE3996:5
85580CF3FF96C85C592FEAEC42A053907B4:6
85CCA2227E07481FBDE650543E1E647A204:1
860D9F15DB95464B5C27ABD70EFF6CB23A3:3
8615D3B89E976DB5BE661D9E23255A771D4:1
86DC64284EC0D82983F0682B0B5688CE556:3
87037CE3DE35F177E5A4F36184E8A44E9F7:2
875A15341E3BBE80ED44EF99A417827D6CA:18
87EDC9EE076F79A24FBC8429E5BDE5DB848:1
87F8B49688C2055CD1801F919A1F0B6F06E:3
87FD8065A4A9F64F4BFEC95CB285BCBF298:1
88556554D0E82A5B3E3A9BC924C107CC39B:1
88CD4D7268E063119B3C9C648B28A707B75:3
8915EA70FCA11419484912FCF64989CB17D:1
8954494A0DFA842D7E597DD3E655A9794F4:1
8A17F1568D72A37E4A49E577644ED39B910:3
8A9A624077A2159D12BDDCFF68E4C543FE4:1
8AD326DF52AB5D588780A51AE21DD0E8C86:4
8BA2297CC5AC9FA0B8E6B8FC82B95C08AAA:2
8BBC675B6E1B9E81572F20FFA579C093BE6:6
8CA6A02FEE91055A6DEF3DBC08E323C6BC0:3
8D98E7F7A8DCF46B784BBADB1CCDE1B5B4F:3
8DC6592AB2ACBC7B8C02DFD0C6B14625152:2
8E22B4E13EF47582F17CF69CFF59A63F491:1
8E674D85135B4F8E37A4E0E09F195ACA8AA:10
8E8055DC2286714AF2C86D1DEC2A0642A28:1
8F092787066FBDD96C110A0AB1E68E75DF3:2
8F5375117892256D18BE255B361F1C4F275:1
908D653EDCB15FADBB5F8155EF36935F1A5:5
9092925E9702DE082ACCA48FA8D1DC36E17:1
91CE8DBFE7E72B3A57FF400A20A7CD104B3:3
925390456937B353EE0CFB876DDF8D59297:2
929EDE8A5D78F8CD6DFDE7685993906C651:1
92C9DCD9E020B98879AA767016D80CAFBB2:15
92E69536FCC7D046D0AEC4C8FE514723B20:1
933054AB87E136E1A726F4D8B0F4FDA2257:1
936F436A51C2BA8899AE0059FBB3ABDFB3A:2
94BEBCFA87BCBAC32454F9EE8D2CBC40486:1
9607D6490B92FE9C8DE291B4EC171D8F0DD:3
96801F60AD11DAD9232F82D7B5745EB0ECF:2
97C600D9625C7BECFB7C43F7C3EC6DB5B30:4
97FE8A680E13BBBE3E91E0D7F3FB7273CAC:4
9813C550E3AD19796C394F9750FF9DD01B8:8
9844F70E261AE0574D8931ED571147A0340:4
985A04BE066804CECBB55BB477D122AE729:2
9946E9C86B9BF35752E0F9D7669E2D5E8AE:2
9A8656C089966BE0119416A13D16C207C70:1
9AC272DA8B4D283F3C1C566A0682EC91CD0:1
9C4D980F4597C31AA1A5AC35B76EB00DC8D:2
9C7C3C77CBF9B9FF147D3277A128FE7D457:6
9CDB607B1B46BC19454534513595D2E45B6:1
9D9DF1FB8CDFDDEAD88D4F1861BCBC3B3C0:2
9E112FE031B998EE5DFA7D1077ECFE0B37A:2
9E60F792C45881E47C8C7047CE7D1D8992C:3
9E86654F9E153B091A850A59BCAD9B280D4:10
9E8AEFB385DC18DFDF9F895C4680C3860F0:6
9E936309933D8670DC6DAB3E54C00CAD115:3
9E9ED211F0B1F46BE24515E3BF85C6DD564:3
9F22261F03C8505E9F730F8ED9B1225711A:2
9F2DEA3DD77FA66B94E13443256BD319D40:1
9F3A2740A7A7778BC8FDC0ED7A818B63EB5:2
9F45EAABD978A7BE4844FCD046A1F1AD590:2
9F72A28F06AA52C184ACBD72B80810F3D9F:16
9FD4AB841D10FC278BC7E531C71545E948C:5
A0830139C55C37286D442004D98DF359A14:1
A106B58E40446E93BBB3A2AED181E6A4539:1
A1347C6A71FC39E05A2580DF33C6EC2749D:3
A196FEBC7235E9ED44A57F763F389BBB485:2
A2CB8296FE865EA91345DBBADBC2AC38C57:1
A2FE37F4536A98575EF65DEDDA8A59574CD:3
A35A35BA08CDFE0D37396ABC9CB106CC336:2
A35B68B1679156B5B20C8F897CF77F7C851:8
A3A96B85FD74D86AE191ED88B6D74A78AE6:2
A588D4A3C14887501238D6AC19572EA5698:1
A5FB95521AD8CE3519B54200A4FEE9C31BD:6
A76587E44175E8237E80D3AD59B50BBF056:2
A7A17CC1C646D416BE1A4FB6F6D5FE2174B:2
A7B955309E0DBF013A4B48022FBF5819DE4:2
A8AA21F5CBE8E179898AE32F9DAF7A08C41:1
A907DE3528C1309407D659935E1FACDE677:1
A940B3D63A611C16A17B00CCE346D66B53D:1
AADA79B79F1594617F74AAC0A0C204D9A1C:1
AB7ACFD591F51635A1975711237A8A4DAA7:3
AC03DB7425A34D02897A5AC2E73DB47486A:5
AD463D5314D835E91C9B3A60670CDAFB224:4
AD991BF7E8A959245AF407B30F8BE6EEFB0:1
ADB523CEDD6ED110E9E299B2A51C91EFC56:4
ADEEEA12BFE788F40C175A9C8461BF53492:3
AE5717A1292EB9AA540D46301D924B3C478:2
AE95C068D71FD2211564D4C1146EB4A4335:3
AF399083E1A8134D20E4F46334C89DCFE3D:1
AFC61B9AB1FF05562A1D40AD21825C60531:1
AFF6008B74762754F3C28044693EECFF876:3
B0423E7886877F67A7D211542956580527F:1
B062777BEC06EBDEF70D32D4DB319A72736:5
B08CC88A95C58B48F697F4DB1B322F26BE6:3
B08F35A96360F6160A412142D186623004C:5
B0C0C97D2F11DE00A0BBB6E906E9D0956EA:2
B0CEECAD7D4D0672137F25CF1BD95F98E1F:1
B18AABA56D4CEE1A0830DB526ACDB7E3AC9:1
B1F52111C493884554D9C915FCA1E472E43:1
B29743269A2B817E2955C5E46ADFA657502:1
B3493610FD1E9A83EC4EBF5DE2FCDC103E5:2
B3D7C34C9F3A7BA78CFA4BAF0052FC385BA:3
B3D9C3DDC985CEDC000EDFD7BA9CB07347E:1
B3DAD1EBC2CF55814085B4E4D19555A98C4:1
B3EB964CFF84045BB709B09881B6F423F52:1
B4603249DDC172A1ADF690D2F87E81BFC6C:12
B5700C9F870F52FD4406A67FDE29F115515:3
B577F34C315B90C79DB68C30C8EDED828C9:2
B60E983056B88BA5E444AFCD34CF2215B1F:1
B6DD1E14FF1A66A41C278E88693A1BCDBD5:2
B6F90E180FE2F8D633F790DEF17C2464011:1
B7449141331D169DFE27E81F1A1A0822ED6:17
B794CA2C43A70C7BA377738240C75A29B14:3
B7DF29C83F19CC1001A7E12C55AD03800D3:1
B86EF38EEA7D812D1ADB06ECBE3E3E62B67:6
B88F1FE96176BE98FA50DA4AD48C89D0F23:1
B95C75B58C0D20EFDA2AF4142FAC2054AEA:3
B9D9A1286F5B0CB6452E2317FD3B5048E3E:9
BBE87500D28E16F71667AD7EBCA74ECFB60:1
BC685CCD83BC3BFFB1611E1C604502CCBA9:3
BC6CBFDC6CDFE85B8DC3521E707A33204E1:2
BD22B503BA8A373CA88D87898D55FA9B6E9:3
BD6B4ADA572DAC38F6183ADC4FCE644F346:2
BD8050AD8D707FFDA88B387E502FEB50CE5:2
BD8C6EF56BCA07BA351E315CD8F407B9A77:4
BF3D5CFDF496D8E7B0C12374E55648E6914:2
BFAFAF321332B1BCD171A050F99F36E1D46:2
C0009C95C2D4345865B6A77E685C81FE6A0:1
C0368948195D7C202814D5DC889186B4942:48
C08C6C4B0461B68A36A6CA2DF9B4CAA1A72:3
C11B6F481F1A92732A33D9D3916B49ABF3F:1
C1346860C59EB811FA5FB2AAA4B84D6110C:1
C22DC2B54EAAF6BBCC71363E2BCE189CCAC:1
C23E7A24F41D19CEACE9B3CCD931170ADB0:15
C299308FA9F1F5AD86F97A728F73A3C73B1:4
C2E20247C8B6F88E179969018798FFAEED8:4
C3809D86BE6C16FCFB4C26C176A3204B0A7:1
C39674C8F7F7A37B7F2AF0308DCD4DE31E0:3
C48AE1508930120B80F4406124C05B424AC:1
C490C0C0353447A6031A7180930982ACEA3:2
C50E4E90BD1F9997F0491BA0281D1E02165:66
C5785D11AE3D1AED1312C8BCD3C4DFCB493:1
C58C3F3DC759670EC2DE3BB22904C5A0A38:2
C5AA87BF1AEA2467EF95E5C9FB4C31242A5:2
C6347C07AB1C14CFD404BF9F69543FCF35A:1
C688919904647A773920784F6EB20790DBA:1
C71DEFBDC5E17F2BEF8DB80C72542FB2C9B:3
C7DDEB97D66C7CBF0F82BAEB9F8EECA9217:1
C7ECF06B50C77FF265E9B4B07BD5DC23DAA:1719
C870196499311213DCB099C5E44810A1CE0:2
C895347D1BC183B29444161042EFFF60C05:2
C8ECF21D2EC12FDF253AFF97E2E5886471C:1
C92D7760583287644429A963FE71A1F7A55:2
C935881628B5DDBFF61C6A476B13F307030:1
C9A6627961299B57EF1001DFF1F6F638144:2
C9FC3C59DB46C495A2C3D3AFC1D9BBEE9B8:1
CB164C81CB68BF0984003580C07C909ED35:1
CB29C0B85C063772E964D5EF5D2FEBC3699:1
CBA049D5D6E060218E4AA853D600C134AC0:2
CBA40BEDAB9F703CE909509FA69F56D5765:3
CC72C0BC164F084BE4D6F4D92097AE5AAC6:1
CCFBA4ABABD1CB036C3860AF40E8B8BBA85:3
CD5F574F3C16A34562A445A3A14E58CC504:3
CD6A280F29AF1AE0E7AAB3C5DBCE31CE0C0:4
CD983A37EAB2462963281BF4B01840C82F0:1
CD9C6BE0F69C8EA3E5969FC3FA4E4E5992F:1
CDE671E6ED713093D7263A6FA39C3E52AA9:1
CDE84E241B3F1F986168213D8146088623F:1
CEC3E00461B9BEBEE244C50007E05AF1173:2
CEC699CFB7913CAF962874017FDDC5142C4:1
CF938EED20290F9C34A4B2AEC6441D37235:1
CF94B4347378123F1C66FDF8DE17C520873:1
CFCE8E7C69A16603B824B45A327ABB2702E:2
CFE0634B10A61BA5AFECDD5B3B9CE1304DF:1
D148F0A433B3514E94A38F771C647289D80:1
D17145E2B4A0D3A9F8DCAC0E195E7E66B16:2
D1AFBF4D369F55FAC5E2D2B474707BD8765:1
D1DBAA605F75B4319279794B74F5F628BAF:1
D23572E247992F6B620D5D8AE78C93E3444:1
D25EC1044E9F132BD1B59152BECD45ADACC:1
D296DFB2660581DE52CDB93E143CB519E6E:1
D34BF54AF44D2DCBB239727BE9FD1A2FBC0:16
D3A9FB94A414F63218EC1F4CA450E544634:4
D3D3AC818F321A563225005F2DEDA1F3A71:1
D45D14D21854DF2DB8F91E56585BF2FF9FA:1
D4D42125BEA8DDC8CF45BB36A06BE061CDE:1
D561B37F20DDAD571F8EC5DF4ABBA16465C:1
D56D341E8099895C92F7A48EEF3E070201C:3
D59E935C4BE5F1B00E8B4D85A945F6BFE6F:1
D5D64E8A6B1A3674F0DF2F18E253EBA1BD9:4
D5EE7E102A8EC592A9D90C9339BBE176747:2
D6E110BAAFDE62AAB6F8C75AB54151AE548:1
D725DF5001EFEF9868822B8C21B5FA8D29F:2
D844D8B9F87E186384CB9B3EDDFA04984C2:2
D85EB1ABC7728FF2FABFCB11C5A60F952D7:26
D940B593465D47746D65FDD223FABA37146:1
D9D5522EFBA973B3B28684201935FB4D32D:1
D9DE84B32082B5633A73765F603E8800465:3
D9E0D19D68602A62D4D0E6879E6D4FE2160:1
DA1CDD35F9770F775ABED5E57A1B6158D16:1
DB12C1FE8E0A95D3E2C59EC692486596F38:1
DB13C08EF48045A132C0EC79B7B504B685B:2
DB526374F250A8BE84F5AA73195F746D356:5
DB929D63AB9EA21F520DF69ABA0B4503B5A:4
DBA1F1B0C9D7CDF8572D1D1A4BB73742A6D:60
DBBEAC7AA2B35E618360557402031A71206:1
DC2ED72EE11C68BE896020190E90528F779:1
DC46B61868A324A215155759514BA9D740E:5
DC7434BD4EC64BE66C5C83268E4292C4E32:2
DCA98CA06FCAE2834CFF67215A7DDA97F24:6
DD1343E0789A70E8520F1DC380D14749A34:1
DE946AF8DB2ED5DE090FF470EC943DE4849:2
DF2FC0FAECE5EC731BB0674EBC0901369C0:1
DF3C432DDB4D7065FE96407A5D4EBDB6D8D:1
E0FD0C05E8AF318DC22E3605CDCCD94F3ED:3
E1E380F292ADC83D347CB7C2D7C9E5C2964:1
E28B8CEB179A26B0F1B21D2CC38B452878A:1
E36AE508545411033BB76DE7211411B242B:6
E3AD21996C207419F763AE45AE64E2D7E64:1
E41FDBEAE0F68A19CAB487455F0B9ABB006:1
E44F99255364B6C55F8CBFDBC15EF590CD8:3
E530F517262D1330B7A411AC3AFB24508E3:4
E63D1DB833C9C821BBC360F6841C04376BF:1
E67AC10C2F96024D987F858480CFEE65685:1
E7C8CB440330116522E52E7246476E0B0CD:4
E85E159B21C83F40D392FCAAF6ACC98FFD2:1
E939A77A82BBE88A468C21BBAF70CA11A49:3
E95DA8C77FA7A1A57DE00E585E0B977D7BE:1
E9F74BD21AD8FEDAF64F691CB962B6C3823:4
EA0479EEF46224EF5F13FCBDC3295076437:1
EA52E7DDF3A3A958E4AB1EB05560BB45DA9:6
EADC1912C85BF00BD87E322BCA994F1523D:2
EB134F21ADD9E03C8A2A5D5A402B8EAD009:1
EB46DC09640CCC6B070A03B1C325036FCFC:6
EB6C44FD7B42DA95D1D617A2EAC5683EA98:2
EBD87C5CCF72C9CB4AE59FDC7CD37000EC1:2
EBED3BF3882BCFD8FCEBA1041C3A1990A79:3
EC0DD011CF19B4F7C8AF2E1B53286DC9B77:1
EC505D5460ADEB6DA7841D2CBB1BC470F3E:24
EC6B1C3E27C4D51956DAFB70C0413AA50D3:6
EC900F5F61B28289C058B0B4C21D17FFCAE:1
ED8BCA526B61715F3FB036E8E5542E41304:1
ED9CF8C56B67CE4A5C22DE438AC6EDBA071:3
EDEBB33A28FC8CB91477ADD8353DB988C0A:2
EE0AB377F4079FDE7F95A00CD31A8313B41:2
EE50633F1E79FAE7625C32D85ACC2ACD480:2
EE6B04D06504A03C483FE85F209327CA806:2
EF166E07C13F61E1BACDE3EFE8E46D2602F:1
EF40B26188F26EFB6D90BE19891F9063C02:1
EF6F297FA91A6076DE67691D35683624D69:2
F0B93BDC1C820AE703D5B3818F09E50C2F1:7
F0BB940386E94E0CDE71834ADAC47636D0E:4
F12972B991FE97DDFB84B72938CB3190876:7
F1BEEDD84DCF7E6BF695EAAA7FFEC4B4818:2
F2BA178BAD1BB162F0393ED7E2A502BB0CA:3
F5BFD84C0F41E214ADD7716B808591EA052:3
F615055D122628972CF3B9AFED1ADC67A92:3
F6722BC8DAA201E71C78718B45155AE8FF4:337
F708ED851F1DB731F0D5EDBC29FFD4D334C:1
F7113C2924E054995F7A8908C93495111DE:1
F73D1483C82F72383D8342CEC63CBC64D7F:2
F74829EC2DB101A28C98F53CC0DDC4EEBCD:2
F79365FB8776B014C62126E688A55B42398:2
F84886521D49CE362CF77295C46FD1691D3:1
F8A776A75B77D3306A3FED655A604C1C847:10
F8C0A703FDAD9472F1C197F8B4798FFCD8A:8
F8C475AE82908F39E4D931779AE05E78D3D:1
F929CCC1A6DE285EDA9B9CD2E29CAFADD04:7
F99A9F7FC6CF06DBB9FEB0EB860A5EDF36C:2
FB0E46605F3B76C64F60777D4F0126CB775:1
FB9627F5FC3486E00802753FB744688167E:17
FC2B76ABBBEC4F9CF61D82ADCAD0CDA0552:2
FC35C2DF3504390ACD6C05725780A826C7F:1
FC5F371F474256152D06FB759C2CF5A437D:1
FCA243A06C8B9FE58703614AFD6E53CD588:1
FCE25FEAFDF129345175B8BD3350D097E50:3
FCE8EAEF796DF854BFD738C334623C022CD:8
FD6D431C4D42E85CA4561A11E971141ED7E:5
FDE1043679BDB3F3F3403D4E453A41F6DA0:3
FE646F621C38E454ABF195E0E390CC2F021:9
FF00560D56EDC852250549AC29E6D743589:3
FF30FA97E74DCCC924F09FD5BAEFCBB29DC:2
FF8AE058F4EA65C0A4D3C4EE8FB16C3DC1C:4
FFA46618446893A4FCF02BFF0EAEAE05839:2